
@article{madhavapeddy2015unikernels,
  author = {Madhavapeddy, Anil and Scott, David J.},
  title = {Unikernels: the rise of the virtual library operating system},
  year = {2014},
  issue_date = {January 2014},
  publisher = {Association for Computing Machinery},
  address = {New York, NY, USA},
  volume = {57},
  number = {1},
  issn = {0001-0782},
  url = {https://doi.org/10.1145/2541883.2541895},
  doi = {10.1145/2541883.2541895},
  abstract = {What if all the software layers in a virtual appliance were
              compiled within the same safe, high-level language framework?},
  journal = {Commun. ACM},
  month = jan,
  pages = {61–69},
  numpages = {9},
}

@inproceedings{lefeuvre2024loupe,
  author = {Lefeuvre, Hugo and Gain, Gaulthier and B\u{a}doiu, Vlad-Andrei and
            Dinca, Daniel and Schiller, Vlad-Radu and Raiciu, Costin and Huici,
            Felipe and Olivier, Pierre},
  title = {Loupe: Driving the Development of OS Compatibility Layers},
  year = {2024},
  isbn = {9798400703720},
  publisher = {Association for Computing Machinery},
  address = {New York, NY, USA},
  url = {https://doi.org/10.1145/3617232.3624861},
  doi = {10.1145/3617232.3624861},
  booktitle = {Proceedings of the 29th ACM International Conference on
               Architectural Support for Programming Languages and Operating
               Systems, Volume 1},
  pages = {249–267},
  numpages = {19},
  keywords = {operating systems},
  location = {La Jolla, CA, USA},
  series = {ASPLOS '24},
}
@inproceedings{unikernels_vs_containers,
  author = {{Goethals, Tom and Sebrechts, Merlijn and Atrey, Ankita and
            Volckaert, Bruno and De Turck, Filip}},
  booktitle = {{2018 IEEE 8TH INTERNATIONAL SYMPOSIUM ON CLOUD AND SERVICE
               COMPUTING (SC2)}},
  isbn = {{9781728102368}},
  language = {{eng}},
  location = {{Paris, France}},
  pages = {{1--8}},
  title = {{Unikernels vs containers : an in-depth benchmarking study in the
           context of microservice applications}},
  url = {{http://doi.org/10.1109/SC2.2018.00008}},
  year = {{2018}},
}

@article{singularity,
  author = {Hunt, Galen C. and Larus, James R.},
  title = {Singularity: rethinking the software stack},
  year = {2007},
  issue_date = {April 2007},
  publisher = {Association for Computing Machinery},
  address = {New York, NY, USA},
  volume = {41},
  number = {2},
  issn = {0163-5980},
  url = {https://doi.org/10.1145/1243418.1243424},
  doi = {10.1145/1243418.1243424},
  journal = {SIGOPS Oper. Syst. Rev.},
  month = apr,
  pages = {37–49},
  numpages = {13},
  keywords = {hardware protection domains, manifest-based programs (MBPs),
              operating systems, program specification, program verification,
              safe programming languages, sealed kernel, sealed process
              architecture, software-isolated processes (SIPs), unsafe code tax},
}

@inproceedings{go_kernel,
  author = {Cody Cutler and M. Frans Kaashoek and Robert T. Morris},
  title = {The benefits and costs of writing a {POSIX} kernel in a high-level
           language},
  booktitle = {13th USENIX Symposium on Operating Systems Design and
               Implementation (OSDI 18)},
  year = {2018},
  isbn = {978-1-939133-08-3},
  address = {Carlsbad, CA},
  pages = {89--105},
  url = {https://www.usenix.org/conference/osdi18/presentation/cutler},
  publisher = {USENIX Association},
  month = oct,
}

@inproceedings{linux_kernel_clothing,
  author = {Kuo, Hsuan-Chi and Williams, Dan and Koller, Ricardo and Mohan,
            Sibin},
  title = {A Linux in unikernel clothing},
  year = {2020},
  isbn = {9781450368827},
  publisher = {Association for Computing Machinery},
  address = {New York, NY, USA},
  url = {https://doi.org/10.1145/3342195.3387526},
  doi = {10.1145/3342195.3387526},
  booktitle = {Proceedings of the Fifteenth European Conference on Computer
               Systems},
  articleno = {11},
  numpages = {15},
  location = {Heraklion, Greece},
  series = {EuroSys '20},
}

Those fields that are not to be changed can be left out.
@ieeetranbstctl{IEEEexample:BSTcontrol,
  CTLuse_article_number = "yes",
  CTLuse_paper = "yes",
  CTLuse_forced_etal = "no",
  CTLmax_names_forced_etal = "10",
  CTLnames_show_etal = "1",
  CTLuse_alt_spacing = "yes",
  CTLalt_stretch_factor = "4",
  CTLdash_repeated_names = "yes",
  CTLname_format_string = "{f.~}{vv~}{ll}{, jj}",
  CTLname_latex_cmd = "",
  CTLname_url_prefix = "[Online]. Available:",
}


